<collection xmlns="http://www.loc.gov/MARC21/slim">
<record>
  <leader>01488nam0a2200277 i 450 </leader>
  <controlfield tag="001">IT\ICCU\CNCE\016562</controlfield>
  <controlfield tag="005">20150728000000.0</controlfield>
  <datafield tag="012" ind1=" " ind2=" ">
    <subfield code="a">s.a- o-i- orul tiIu (C) 1549 (R)</subfield>
    <subfield code="2">fei</subfield>
  </datafield>
  <datafield tag="100" ind1=" " ind2=" ">
    <subfield code="a">19970101d1549        0itac0103    ba</subfield>
  </datafield>
  <datafield tag="101" ind1=" " ind2=" ">
    <subfield code="a">LAT</subfield>
  </datafield>
  <datafield tag="102" ind1=" " ind2=" ">
    <subfield code="a">IT</subfield>
  </datafield>
  <datafield tag="200" ind1="1" ind2=" ">
    <subfield code="a">Reformationes &amp; decreta per reuerendiss. et illustriss. d.d. Iulium  Feltrium de Ruere Sorae et Arci ducem ac s.r.e s. Petri ad vincula diaconum cardinalem Urbini nuncupatum, Perusiae Umbriae que Legatum super modo obseruandi edicta, statuta locorum, constitutiones Marchiae et iura communia &amp; super sportulis auditorum &amp; iudicum, salariis aduocatorum</subfield>
  </datafield>
  <datafield tag="210" ind1=" " ind2=" ">
    <subfield code="e">Perusiae</subfield>
    <subfield code="g">ex officina Hieronymi Chartularij</subfield>
    <subfield code="h">1549 die XXVII Februa.</subfield>
  </datafield>
  <datafield tag="215" ind1=" " ind2=" ">
    <subfield code="a">\14! c.</subfield>
    <subfield code="d">4ʻ</subfield>
  </datafield>
  <datafield tag="620" ind1=" " ind2=" ">
    <subfield code="a">IT</subfield>
    <subfield code="d">Perugia</subfield>
  </datafield>
  <datafield tag="710" ind1="0" ind2="2">
    <subfield code="a">Perugia</subfield>
    <subfield code="3">IT\ICCU\CNCT\006577</subfield>
  </datafield>
  <datafield tag="702" ind1=" " ind2="1">
    <subfield code="a">Della_Rovere,</subfield>
    <subfield code="b">Giulio Feltrio</subfield>
    <subfield code="3">IT\ICCU\CNCA\004713</subfield>
  </datafield>
  <datafield tag="712" ind1="0" ind2="0">
    <subfield code="a">Cartolari, Girolamo</subfield>
    <subfield code="3">IT\ICCU\CNCT\000424</subfield>
    <subfield code="4">650</subfield>
  </datafield>
  <datafield tag="791" ind1="0" ind2="2">
    <subfield code="a">Perusia</subfield>
    <subfield code="3">22230</subfield>
    <subfield code="z">Perugia</subfield>
  </datafield>
  <datafield tag="790" ind1=" " ind2="1">
    <subfield code="a">Feltrio Della Rovere,</subfield>
    <subfield code="b">Giulio</subfield>
    <subfield code="3">IT\ICCU\CNCA\028220</subfield>
    <subfield code="z">Della_Rovere, Giulio Feltrio</subfield>
  </datafield>
  <datafield tag="790" ind1=" " ind2="0">
    <subfield code="a">Iulius Feltrius</subfield>
    <subfield code="c"> : De#Ruere</subfield>
    <subfield code="3">IT\ICCU\CNCA\028266</subfield>
    <subfield code="z">Della_Rovere, Giulio Feltrio</subfield>
  </datafield>
  <datafield tag="791" ind1="0" ind2="0">
    <subfield code="a">Carthulariis, Hieronimo de</subfield>
    <subfield code="3">IT\ICCU\CNCT\004499</subfield>
    <subfield code="z">Cartolari, Girolamo</subfield>
  </datafield>
  <datafield tag="791" ind1="0" ind2="0">
    <subfield code="a">Cartolaio, Hieronymus</subfield>
    <subfield code="3">IT\ICCU\CNCT\004502</subfield>
    <subfield code="z">Cartolari, Girolamo</subfield>
  </datafield>
  <datafield tag="801" ind1=" " ind2="3">
    <subfield code="a">IT</subfield>
    <subfield code="b">ICCU</subfield>
    <subfield code="c">20201114</subfield>
  </datafield>
  <datafield tag="899" ind1=" " ind2=" ">
    <subfield code="a">Biblioteca di Scienze sociali. Firenze</subfield>
    <subfield code="1">FI0597</subfield>
    <subfield code="2">UFI KE</subfield>
  </datafield>
  <datafield tag="899" ind1=" " ind2=" ">
    <subfield code="a">Biblioteca comunale Augusta. Perugia</subfield>
    <subfield code="1">PG0109</subfield>
    <subfield code="2">UM1 01</subfield>
  </datafield>
</record>
</collection>
